<record><leader>00000cas a22000007a 4500</leader><controlfield tag="001">31365198</controlfield><controlfield tag="008">941027d191219uumauuu ne      0    0eng d</controlfield><datafield ind1=" " ind2=" " tag="010"><subfield code="a">sn 94055645 </subfield></datafield><datafield ind1=" " ind2=" " tag="040"><subfield code="a">MGN</subfield><subfield code="b">eng</subfield><subfield code="c">MGN</subfield><subfield code="d">OCL</subfield><subfield code="d">OCLCQ</subfield><subfield code="d">OCLCF</subfield><subfield code="d">OCLCO</subfield></datafield><datafield ind1="1" ind2=" " tag="029"><subfield code="a">AU@</subfield><subfield code="b">000011357935</subfield></datafield><datafield ind1=" " ind2=" " tag="042"><subfield code="a">msc</subfield></datafield><datafield ind1=" " ind2=" " tag="043"><subfield code="a">n-us-ma</subfield></datafield><datafield ind1="0" ind2="4" tag="245"><subfield code="a">The Charlemont townsman.</subfield></datafield><datafield ind1="1" ind2="3" tag="246"><subfield code="a">Shelburne Falls messenger</subfield></datafield><datafield ind1=" " ind2=" " tag="260"><subfield code="a">Charlemont, Mass. :</subfield><subfield code="b">Francis R. Sullivan &amp; Co.,</subfield><subfield code="c">1912-</subfield></datafield><datafield ind1=" " ind2=" " tag="300"><subfield code="a">v.</subfield></datafield><datafield ind1="0" ind2=" " tag="362"><subfield code="a">Vol. 1, no. 1 (Dec. 1912)-</subfield></datafield><datafield ind1=" " ind2=" " tag="500"><subfield code="a">Shelburne Falls, Mass. also given as place of publication.</subfield></datafield><datafield ind1=" " ind2="0" tag="651"><subfield code="a">Charlemont (Mass.)</subfield><subfield code="v">Newspapers.</subfield></datafield><datafield ind1=" " ind2="7" tag="655"><subfield code="a">Newspapers.</subfield><subfield code="2">fast</subfield><subfield code="0">(OCoLC)fst01423814</subfield></datafield><datafield ind1=" " ind2="7" tag="651"><subfield code="a">Massachusetts</subfield><subfield code="z">Charlemont.</subfield><subfield code="2">fast</subfield><subfield code="0">(OCoLC)fst01235733</subfield></datafield><datafield ind1=" " ind2=" " tag="752"><subfield code="a">United States</subfield><subfield code="b">Massachusetts</subfield><subfield code="c">Franklin</subfield><subfield code="d">Charlemont.</subfield></datafield><datafield ind1=" " ind2=" " tag="752"><subfield code="a">United States</subfield><subfield code="b">Massachusetts</subfield><subfield code="c">Franklin</subfield><subfield code="d">Shelburne.</subfield></datafield><datafield ind1=" " ind2=" " tag="752"><subfield code="a">United States</subfield><subfield code="b">Massachusetts</subfield><subfield code="c">Franklin</subfield><subfield code="d">Shelburne Falls.</subfield></datafield><datafield ind1="0" ind2=" " tag="775"><subfield code="t">Shelburne Falls messenger</subfield><subfield code="w">(DLC)sn 91057010</subfield><subfield code="w">(OCoLC)23169449</subfield></datafield></record>